<?xml version="1.0" encoding="UTF-8"?><collection xmlns="http://www.loc.gov/MARC21/slim"><record><leader>00535nam--2200169-i-4500</leader><controlfield tag="001">000042091</controlfield><controlfield tag="002">20161230</controlfield><controlfield tag="005">20170121205343</controlfield><controlfield tag="008">060222s1000------------r-----000-0-eng-d</controlfield><datafield ind1=" " ind2=" " tag="080"><subfield code="a">621.313</subfield></datafield><datafield ind1=" " ind2=" " tag="100"><subfield code="a">Sofan, E</subfield></datafield><datafield ind1=" " ind2=" " tag="245"><subfield code="a">Principii ale unui sistem de actionare cu mostor sincron cu turatie variabila si unghi intern impus</subfield></datafield><datafield ind1=" " ind2=" " tag="260"><subfield code="a">Bucuresti</subfield><subfield code="b">Cons.Nat.Al Ing.Si Tehnicienilor</subfield><subfield code="c">1969</subfield></datafield><datafield ind1=" " ind2=" " tag="300"><subfield code="a">10 p</subfield></datafield><datafield ind1=" " ind2=" " tag="490"><subfield code="a">A Doua Conf.A Electricienilor. Sectia Actionari Electrice</subfield></datafield><datafield ind1=" " ind2=" " tag="852"><subfield code="a">31654</subfield></datafield><datafield ind1=" " ind2=" " tag="CAT"><subfield code="a">SYS</subfield><subfield code="c">20170121</subfield><subfield code="h">205343</subfield></datafield></record></collection>